<record xmlns:xsi="http://www.w3.org/2001/XMLSchema-instance" xmlns="http://www.loc.gov/MARC21/slim" xsi:schemaLocation="http://www.loc.gov/MARC21/slim http://www.loc.gov/standards/marcxml/schema/MARC21slim.xsd">

  <leader>00959nam a22002297a 4500</leader>
  <controlfield tag="008">160419b2014    cr ||||| |||| 00| | spa d</controlfield>
  <datafield ind1=" " tag="090" ind2=" ">
    <subfield code="a">19.01.03 </subfield>
    <subfield code="b">2189 </subfield>
  </datafield>
  <datafield ind2=" " tag="100" ind1="1">
    <subfield code="9">223</subfield>
    <subfield code="a">Barquero Cerdas, Martha</subfield>
  </datafield>
  <datafield ind2=" " ind1=" " tag="245">
    <subfield code="a">Fortalecimiento de la base de datos Producción Bibliográfica de la Educación Costarricense /</subfield>
    <subfield code="c">Martha Barquero Cerdas; Alejandrina Mata Segreda; Marianela Zúñiga González; Franklin Rodríguez Vargas; Edward Parra Salazar</subfield>
  </datafield>
  <datafield ind2=" " ind1=" " tag="260">
    <subfield code="a">[San José, Costa Rica] :</subfield>
    <subfield code="b">INIE,</subfield>
    <subfield code="c">2014</subfield>
  </datafield>
  <datafield ind2=" " ind1=" " tag="300">
    <subfield code="a">25 páginas</subfield>
  </datafield>
  <datafield tag="500" ind1=" " ind2=" ">
    <subfield code="a">Informe final proyecto de investigación N° 724-B3-716</subfield>
  </datafield>
  <datafield tag="650" ind1="1" ind2="4">
    <subfield code="9">1560</subfield>
    <subfield code="a">BASES DE DATOS</subfield>
  </datafield>
  <datafield tag="650" ind1="1" ind2="4">
    <subfield code="9">1561</subfield>
    <subfield code="a">DIFUSIÓN DE LA INFORMACIÓN</subfield>
  </datafield>
  <datafield ind1="1" tag="650" ind2="4">
    <subfield code="9">1</subfield>
    <subfield code="a">EDUCACIÓN</subfield>
  </datafield>
  <datafield ind2="4" ind1="1" tag="650">
    <subfield code="9">326</subfield>
    <subfield code="a">INVESTIGACIÓN EDUCATIVA</subfield>
  </datafield>
  <datafield ind2=" " tag="700" ind1="1">
    <subfield code="9">109</subfield>
    <subfield code="a">Mata Segreda, Alejandrina</subfield>
  </datafield>
  <datafield ind1="1" tag="700" ind2=" ">
    <subfield code="9">110</subfield>
    <subfield code="a">González Zúñiga, Marianela</subfield>
  </datafield>
  <datafield tag="700" ind1="1" ind2=" ">
    <subfield code="9">1562</subfield>
    <subfield code="a">Rodríguez Vargas, Franklin</subfield>
  </datafield>
  <datafield ind2=" " tag="700" ind1="1">
    <subfield code="9">1388</subfield>
    <subfield code="a">Parra Salazar, Edward</subfield>
  </datafield>
  <datafield ind2=" " tag="942" ind1=" ">
    <subfield code="2">z</subfield>
    <subfield code="c">04</subfield>
  </datafield>
  <datafield ind1=" " tag="999" ind2=" ">
    <subfield code="c">3116</subfield>
    <subfield code="d">3116</subfield>
  </datafield>
</record>